@Article{ref,
author={Stowers, R. S. AND Schwarz, T. L. A},
journal={Genetics},
title={A genetic method for generating Drosophila eyes
composed exclusively of mitotic clones of a single genotype},
year={1999},
}

@Article{ref1,
author={Xu, T. AND Rubin, G. M.},
journal={Development},
title={ Analysis of genetic mosaics in developing and adult
Drosophila tissues},
year={1993},
}

@Article{ref2,
author={Gambis, A. AND Dourlen, P. AND Steller, H. AND Mollereau, B.},
journal={Dev Biol},
title={Two-color in vivo imaging of photoreceptor apoptosis and development in Drosophila},
year={2011},
}

@Article{ref3,
author={Shaner, N.C. AND Campbell, R.E. AND Steinbach, P.A. AND Giepmans, B.N. AND Palmer, A.E. AND Tsien, R.Y.},
journal={Nat Biotechnol},
title={Improved monomeric red, orange and yellow fluorescent proteins derived
from Discosoma sp. red fluorescent protein},
year={2004},
}

@Article{ref4,
author={Strutt, H. AND Strutt, D.},
journal={Curr Opin Genet
Dev},
title={Polarity determination in the Drosophila eye},
year={1999},
}

@Article{ref5,
author={Lowe, D.G.},
journal={International Journal of Computer Vision},
title={Distinctive Image Features from Scale-Invariant Keypoints},
year={2004},
}

@Article{ref6,
author={J. B. Kuipers},
journal={Princeton University Press},
title={Quaternions and rotation Sequences: a Primer with Applications to Orbits, Aerospace, and Virtual Reality},
year={1999},
}

@Article{ref7,
author={Adler, P. N.},
journal={Dev. Cell},
title={Planar signaling and morphogenesis in Drosophila},
year={2002},
}
